<?xml version="1.0" encoding="UTF-8"?>
<OAI-PMH xmlns="http://www.openarchives.org/OAI/2.0/" xmlns:xsi="http://www.w3.org/2001/XMLSchema-instance" xsi:schemaLocation="http://www.openarchives.org/OAI/2.0/ http://www.openarchives.org/OAI/2.0/OAI-PMH.xsd">
  <ListRecords>
    <record>
      <header>
        <identifier>aleph-publish:011856216</identifier>
      </header>
      <metadata>
        <record xmlns="http://www.ddb.de/professionell/mabxml/mabxml-1.xsd">
          <leader>------M2.01200024------u</leader>
          <controlfield tag="LDR">------M2.01200024------u</controlfield>
          <controlfield tag="FMT">MU</controlfield>
          <datafield tag="001" ind1="-" ind2="1">
            <subfield code="a">HT013532539</subfield>
          </datafield>
          <datafield tag="001" ind1="-" ind2="2">
            <subfield code="a">HT002878738</subfield>
          </datafield>
          <datafield tag="002" ind1="a" ind2="1">
            <subfield code="a">20021217</subfield>
          </datafield>
          <datafield tag="002" ind1="a" ind2="2">
            <subfield code="a">19991120</subfield>
          </datafield>
          <datafield tag="003" ind1="-" ind2="2">
            <subfield code="a">20220903103142</subfield>
          </datafield>
          <datafield tag="010" ind1="-" ind2="1">
            <subfield code="a">HT002878738</subfield>
          </datafield>
          <datafield tag="020" ind1="a" ind2="2">
            <subfield code="a">795799-3</subfield>
            <subfield code="b">DNB</subfield>
          </datafield>
          <datafield tag="021" ind1="-" ind2="1">
            <subfield code="a">HT013365271</subfield>
          </datafield>
          <datafield tag="025" ind1="a" ind2="2">
            <subfield code="a">014402882</subfield>
          </datafield>
          <datafield tag="025" ind1="z" ind2="2">
            <subfield code="a">795799-3</subfield>
          </datafield>
          <datafield tag="025" ind1="o" ind2="2">
            <subfield code="a">183196351</subfield>
          </datafield>
          <datafield tag="026" ind1="-" ind2="2">
            <subfield code="a">ZDB795799-3</subfield>
          </datafield>
          <controlfield tag="030">a|1uc||||||||</controlfield>
          <datafield tag="036" ind1="a" ind2="2">
            <subfield code="a">XA-DE</subfield>
          </datafield>
          <datafield tag="037" ind1="b" ind2="2">
            <subfield code="a">ger</subfield>
          </datafield>
          <controlfield tag="050">a|||||||||||||</controlfield>
          <datafield tag="060" ind1="-" ind2="2">
            <subfield code="b">txt</subfield>
            <subfield code="a">Text</subfield>
          </datafield>
          <datafield tag="061" ind1="-" ind2="2">
            <subfield code="b">n</subfield>
            <subfield code="a">ohne Hilfsmittel zu benutzen</subfield>
          </datafield>
          <datafield tag="062" ind1="-" ind2="2">
            <subfield code="b">nc</subfield>
            <subfield code="a">Band</subfield>
          </datafield>
          <datafield tag="064" ind1="a" ind2="2">
            <subfield code="a">Zeitschrift</subfield>
            <subfield code="9">(DE-588)4067488-5</subfield>
          </datafield>
          <datafield tag="070" ind1="-" ind2="1">
            <subfield code="a">465</subfield>
          </datafield>
          <datafield tag="070" ind1="-" ind2="2">
            <subfield code="a">9001</subfield>
          </datafield>
          <datafield tag="070" ind1="a" ind2="2">
            <subfield code="a">DNB</subfield>
          </datafield>
          <datafield tag="070" ind1="b" ind2="2">
            <subfield code="a">9999</subfield>
          </datafield>
          <datafield tag="080" ind1="-" ind2="1">
            <subfield code="a">60</subfield>
          </datafield>
          <controlfield tag="089">2001</controlfield>
          <datafield tag="090" ind1="-" ind2="1">
            <subfield code="a">2001</subfield>
          </datafield>
          <datafield tag="100" ind1="b" ind2="2">
            <subfield code="p">Lepa, Manfred</subfield>
            <subfield code="d">1936-</subfield>
            <subfield code="4">ctb</subfield>
            <subfield code="3">Mitwirkender</subfield>
            <subfield code="9">(DE-588)170407578</subfield>
          </datafield>
          <datafield tag="200" ind1="-" ind2="2">
            <subfield code="k">Deutschland</subfield>
            <subfield code="b">Bundesverfassungsgericht</subfield>
            <subfield code="9">(DE-588)2117905-0</subfield>
          </datafield>
          <datafield tag="201" ind1="-" ind2="2">
            <subfield code="k">Deutschland</subfield>
            <subfield code="b">Bundesverfassungsgericht</subfield>
            <subfield code="b">Pressestelle</subfield>
          </datafield>
          <datafield tag="201" ind1="-" ind2="2">
            <subfield code="k">Deutschland</subfield>
            <subfield code="b">Bundesverfassungsgericht</subfield>
            <subfield code="b">Dezernat Kirchhof</subfield>
          </datafield>
          <datafield tag="201" ind1="-" ind2="2">
            <subfield code="k">Bundesverfassungsgericht</subfield>
            <subfield code="h">Deutschland</subfield>
          </datafield>
          <datafield tag="201" ind1="-" ind2="2">
            <subfield code="k">Deutschland</subfield>
            <subfield code="b">Constitutional Court</subfield>
          </datafield>
          <datafield tag="201" ind1="-" ind2="2">
            <subfield code="k">Deutschland</subfield>
            <subfield code="b">Cour constitutionnelle fédérale</subfield>
          </datafield>
          <datafield tag="201" ind1="-" ind2="2">
            <subfield code="k">Deutschland</subfield>
            <subfield code="b">Savezni ustavni sud</subfield>
          </datafield>
          <datafield tag="201" ind1="-" ind2="2">
            <subfield code="k">Federal Constitutional Court</subfield>
            <subfield code="h">Deutschland</subfield>
          </datafield>
          <datafield tag="201" ind1="-" ind2="2">
            <subfield code="k">Constitutional Court</subfield>
            <subfield code="h">Deutschland</subfield>
          </datafield>
          <datafield tag="201" ind1="-" ind2="2">
            <subfield code="k">Cour constitutionnelle fédérale</subfield>
            <subfield code="h">Deutschland</subfield>
          </datafield>
          <datafield tag="201" ind1="-" ind2="2">
            <subfield code="k">Savezni ustavni sud</subfield>
            <subfield code="h">Deutschland</subfield>
          </datafield>
          <datafield tag="201" ind1="-" ind2="2">
            <subfield code="k">Savezni ustavni sud Nemačke</subfield>
          </datafield>
          <datafield tag="201" ind1="-" ind2="2">
            <subfield code="k">De guo lian bang xian fa fa yuan</subfield>
          </datafield>
          <datafield tag="201" ind1="-" ind2="2">
            <subfield code="k">BVerfG</subfield>
          </datafield>
          <datafield tag="204" ind1="b" ind2="2">
            <subfield code="k">Deutschland</subfield>
            <subfield code="h">Bundesrepublik</subfield>
            <subfield code="b">Bundesverfassungsgericht</subfield>
            <subfield code="4">isb</subfield>
            <subfield code="3">Herausgebendes Organ</subfield>
            <subfield code="9">(DE-588)35194-5</subfield>
          </datafield>
          <datafield tag="205" ind1="-" ind2="2">
            <subfield code="k">Bundesverfassungsgericht</subfield>
            <subfield code="h">Deutschland, Bundesrepublik</subfield>
          </datafield>
          <datafield tag="205" ind1="-" ind2="2">
            <subfield code="k">BVerfG</subfield>
          </datafield>
          <datafield tag="205" ind1="-" ind2="2">
            <subfield code="k">Deutschland</subfield>
            <subfield code="h">Bundesrepublik</subfield>
            <subfield code="b">Bundesverfassungsgericht</subfield>
            <subfield code="b">Pressestelle</subfield>
          </datafield>
          <datafield tag="205" ind1="-" ind2="2">
            <subfield code="k">Pressestelle</subfield>
            <subfield code="h">Deutschland, Bundesrepublik, Bundesverfassungsgericht</subfield>
          </datafield>
          <datafield tag="208" ind1="b" ind2="2">
            <subfield code="g">Deutschland</subfield>
            <subfield code="4">isb</subfield>
            <subfield code="3">Herausgebendes Organ</subfield>
            <subfield code="9">(DE-588)4011882-4</subfield>
          </datafield>
          <datafield tag="209" ind1="-" ind2="2">
            <subfield code="g">Deutsche Länder</subfield>
          </datafield>
          <datafield tag="209" ind1="-" ind2="2">
            <subfield code="g">Germany</subfield>
            <subfield code="h">Deutschland</subfield>
          </datafield>
          <datafield tag="209" ind1="-" ind2="2">
            <subfield code="g">Heiliges Römisches Reich</subfield>
          </datafield>
          <datafield tag="209" ind1="-" ind2="2">
            <subfield code="g">Rheinbund</subfield>
          </datafield>
          <datafield tag="209" ind1="-" ind2="2">
            <subfield code="g">Deutscher Bund</subfield>
          </datafield>
          <datafield tag="209" ind1="-" ind2="2">
            <subfield code="g">Norddeutscher Bund</subfield>
          </datafield>
          <datafield tag="209" ind1="-" ind2="2">
            <subfield code="g">Deutsches Reich</subfield>
          </datafield>
          <datafield tag="209" ind1="-" ind2="2">
            <subfield code="g">Deutschland</subfield>
            <subfield code="h">Gebiet unter Alliierter Besatzung</subfield>
          </datafield>
          <datafield tag="209" ind1="-" ind2="2">
            <subfield code="g">Deutschland</subfield>
            <subfield code="h">Bundesrepublik, 1990-</subfield>
          </datafield>
          <datafield tag="209" ind1="-" ind2="2">
            <subfield code="g">BRD</subfield>
            <subfield code="h">1990-</subfield>
          </datafield>
          <datafield tag="209" ind1="-" ind2="2">
            <subfield code="g">Federal Republic of Germany</subfield>
            <subfield code="h">Deutschland</subfield>
          </datafield>
          <datafield tag="209" ind1="-" ind2="2">
            <subfield code="g">Republic of Germany</subfield>
            <subfield code="h">Deutschland</subfield>
          </datafield>
          <datafield tag="209" ind1="-" ind2="2">
            <subfield code="g">Allemagne</subfield>
            <subfield code="h">Deutschland</subfield>
          </datafield>
          <datafield tag="209" ind1="-" ind2="2">
            <subfield code="g">Ǧumhūrīyat Almāniyā al-Ittiḥādīya</subfield>
          </datafield>
          <datafield tag="209" ind1="-" ind2="2">
            <subfield code="g">Bundesrepublik Deutschland</subfield>
            <subfield code="h">1990-</subfield>
          </datafield>
          <datafield tag="209" ind1="-" ind2="2">
            <subfield code="g">BRD</subfield>
          </datafield>
          <datafield tag="209" ind1="-" ind2="2">
            <subfield code="g">Niemcy</subfield>
          </datafield>
          <datafield tag="209" ind1="-" ind2="2">
            <subfield code="g">République Fédérale d'Allemagne</subfield>
            <subfield code="h">Deutschland</subfield>
          </datafield>
          <datafield tag="209" ind1="-" ind2="2">
            <subfield code="g">Repubblica Federale di Germania</subfield>
            <subfield code="h">Deutschland</subfield>
          </datafield>
          <datafield tag="209" ind1="-" ind2="2">
            <subfield code="g">Germanija</subfield>
          </datafield>
          <datafield tag="209" ind1="-" ind2="2">
            <subfield code="g">Federativnaja Respublika Germanija</subfield>
          </datafield>
          <datafield tag="209" ind1="-" ind2="2">
            <subfield code="g">FRG</subfield>
          </datafield>
          <datafield tag="209" ind1="-" ind2="2">
            <subfield code="g">Deyizhi-Lianbang-Gongheguo</subfield>
          </datafield>
          <datafield tag="212" ind1="b" ind2="2">
            <subfield code="g">Deutschland</subfield>
            <subfield code="h">Bundesrepublik</subfield>
            <subfield code="4">isb</subfield>
            <subfield code="3">Herausgebendes Organ</subfield>
            <subfield code="9">(DE-588)4011889-7</subfield>
          </datafield>
          <datafield tag="213" ind1="-" ind2="2">
            <subfield code="g">Alemanha</subfield>
            <subfield code="h">Deutschland, Bundesrepublik</subfield>
          </datafield>
          <datafield tag="213" ind1="-" ind2="2">
            <subfield code="g">Alemania</subfield>
            <subfield code="h">Deutschland, Bundesrepublik</subfield>
          </datafield>
          <datafield tag="213" ind1="-" ind2="2">
            <subfield code="g">Allemagne</subfield>
            <subfield code="h">Deutschland, Bundesrepublik</subfield>
          </datafield>
          <datafield tag="213" ind1="-" ind2="2">
            <subfield code="g">Almanija</subfield>
            <subfield code="h">Deutschland, Bundesrepublik</subfield>
          </datafield>
          <datafield tag="213" ind1="-" ind2="2">
            <subfield code="g">Almāniyā</subfield>
            <subfield code="h">Deutschland, Bundesrepublik</subfield>
          </datafield>
          <datafield tag="213" ind1="-" ind2="2">
            <subfield code="g">Bondsrepubliek Duitsland</subfield>
            <subfield code="h">Deutschland, Bundesrepublik</subfield>
          </datafield>
          <datafield tag="213" ind1="-" ind2="2">
            <subfield code="g">BRD</subfield>
          </datafield>
          <datafield tag="213" ind1="-" ind2="2">
            <subfield code="g">BRD</subfield>
            <subfield code="h">1949-1990</subfield>
          </datafield>
          <datafield tag="213" ind1="-" ind2="2">
            <subfield code="g">Bundesrepublik Deutschland</subfield>
            <subfield code="h">1949-1990</subfield>
          </datafield>
          <datafield tag="213" ind1="-" ind2="2">
            <subfield code="g">Deutschland</subfield>
            <subfield code="h">1949-1990, Bundesrepublik</subfield>
          </datafield>
          <datafield tag="213" ind1="-" ind2="2">
            <subfield code="g">Deutschland</subfield>
            <subfield code="x">Bundesrepublik</subfield>
            <subfield code="h">1949-1990</subfield>
          </datafield>
          <datafield tag="213" ind1="-" ind2="2">
            <subfield code="g">Federal Republic of Germany</subfield>
            <subfield code="h">Deutschland, Bundesrepublik</subfield>
          </datafield>
          <datafield tag="213" ind1="-" ind2="2">
            <subfield code="g">Förbundsrepubliken Tyskland</subfield>
            <subfield code="h">Deutschland, Bundesrepublik</subfield>
          </datafield>
          <datafield tag="213" ind1="-" ind2="2">
            <subfield code="g">Förbundsrepublikken Tyskland</subfield>
            <subfield code="h">Deutschland, Bundesrepublik</subfield>
          </datafield>
          <datafield tag="213" ind1="-" ind2="2">
            <subfield code="g">FRG</subfield>
          </datafield>
          <datafield tag="213" ind1="-" ind2="2">
            <subfield code="g">Germany</subfield>
            <subfield code="h">Deutschland, Bundesrepublik</subfield>
          </datafield>
          <datafield tag="213" ind1="-" ind2="2">
            <subfield code="g">Németországi Szövetségi Kőztársaság</subfield>
            <subfield code="h">Deutschland, Bundesrepublik</subfield>
          </datafield>
          <datafield tag="213" ind1="-" ind2="2">
            <subfield code="g">Niemiecka Republika Federalna Niemiecka Republika Federalna</subfield>
          </datafield>
          <datafield tag="213" ind1="-" ind2="2">
            <subfield code="g">NRF</subfield>
          </datafield>
          <datafield tag="213" ind1="-" ind2="2">
            <subfield code="g">Repubblica Federale di Germania</subfield>
            <subfield code="h">Deutschland, Bundesrepublik</subfield>
          </datafield>
          <datafield tag="213" ind1="-" ind2="2">
            <subfield code="g">Republic of Germany</subfield>
            <subfield code="h">Deutschland, Bundesrepublik</subfield>
          </datafield>
          <datafield tag="213" ind1="-" ind2="2">
            <subfield code="g">República Federal da Alemanha</subfield>
            <subfield code="h">Deutschland, Bundesrepublik</subfield>
          </datafield>
          <datafield tag="213" ind1="-" ind2="2">
            <subfield code="g">República Federal de Alemania</subfield>
            <subfield code="h">Deutschland, Bundesrepublik</subfield>
          </datafield>
          <datafield tag="213" ind1="-" ind2="2">
            <subfield code="g">Republik Federasi Djerman</subfield>
            <subfield code="h">Deutschland, Bundesrepublik</subfield>
          </datafield>
          <datafield tag="213" ind1="-" ind2="2">
            <subfield code="g">Republika Federalna Niemiec</subfield>
            <subfield code="h">Deutschland, Bundesrepublik</subfield>
          </datafield>
          <datafield tag="213" ind1="-" ind2="2">
            <subfield code="g">République Fédérale d'Allemagne</subfield>
            <subfield code="h">Deutschland, Bundesrepublik</subfield>
          </datafield>
          <datafield tag="213" ind1="-" ind2="2">
            <subfield code="g">RFN</subfield>
          </datafield>
          <datafield tag="213" ind1="-" ind2="2">
            <subfield code="g">Saksan Liittotasavalta</subfield>
            <subfield code="h">Deutschland, Bundesrepublik</subfield>
          </datafield>
          <datafield tag="213" ind1="-" ind2="2">
            <subfield code="g">Westdeutschland</subfield>
            <subfield code="h">Bundesrepublik, 1949-1990</subfield>
          </datafield>
          <datafield tag="331" ind1="-" ind2="2">
            <subfield code="a">&lt;&lt;Die&gt;&gt; Rechtsprechung des Bundesverfassungsgerichts im Jahre ...</subfield>
          </datafield>
          <datafield tag="359" ind1="-" ind2="2">
            <subfield code="a">Manfred Lepa</subfield>
          </datafield>
          <datafield tag="370" ind1="a" ind2="2">
            <subfield code="a">&lt;&lt;Bundesanzeiger / Beilage / Die&gt;&gt; Rechtsprechung des Bundesverfassungsgerichts im Jahre ...</subfield>
          </datafield>
          <datafield tag="403" ind1="-" ind2="1">
            <subfield code="a">[Mikrofiche-Ausg.]</subfield>
          </datafield>
          <datafield tag="405" ind1="-" ind2="2">
            <subfield code="a">1955/58(1959); 1959(1960) - 2005(2006); damit Ersch. eingest.</subfield>
          </datafield>
          <datafield tag="406" ind1="a" ind2="2">
            <subfield code="j">1955/58</subfield>
          </datafield>
          <datafield tag="406" ind1="a" ind2="2">
            <subfield code="j">1959</subfield>
            <subfield code="k">2005</subfield>
          </datafield>
          <datafield tag="419" ind1="-" ind2="2">
            <subfield code="a">Köln</subfield>
            <subfield code="b">Bundesanzeiger</subfield>
            <subfield code="c">1959-2006</subfield>
            <subfield code="A">3</subfield>
          </datafield>
          <datafield tag="425" ind1="b" ind2="2">
            <subfield code="a">1959</subfield>
          </datafield>
          <datafield tag="425" ind1="c" ind2="2">
            <subfield code="a">2006</subfield>
          </datafield>
          <datafield tag="425" ind1="a" ind2="1">
            <subfield code="a">2002</subfield>
          </datafield>
          <datafield tag="433" ind1="-" ind2="1">
            <subfield code="a">24 S.</subfield>
          </datafield>
          <datafield tag="451" ind1="-" ind2="1">
            <subfield code="a">Bundesanzeiger ; Jg. 54, Nr. 92a</subfield>
          </datafield>
          <datafield tag="453" ind1="-" ind2="1">
            <subfield code="a">HT004031599</subfield>
          </datafield>
          <datafield tag="455" ind1="-" ind2="1">
            <subfield code="a">53,92a</subfield>
          </datafield>
          <datafield tag="456" ind1="-" ind2="1">
            <subfield code="a">53,92,a</subfield>
          </datafield>
          <datafield tag="523" ind1="-" ind2="2">
            <subfield code="a">Periodizität: unregelmäßig</subfield>
          </datafield>
          <datafield tag="537" ind1="-" ind2="2">
            <subfield code="a">(Kopie) (üa/Z) (Beil. zu Ztg.) 929!(03-08-11)</subfield>
          </datafield>
          <datafield tag="583" ind1="-" ind2="2">
            <subfield code="a">Archivierung/Langzeitarchivierung gewährleistet</subfield>
            <subfield code="c">2020</subfield>
            <subfield code="f">PENW</subfield>
            <subfield code="5">DE-5</subfield>
            <subfield code="2">pdager</subfield>
          </datafield>
          <datafield tag="610" ind1="-" ind2="1">
            <subfield code="a">Mikrofiche-Ausg.</subfield>
          </datafield>
          <datafield tag="611" ind1="-" ind2="1">
            <subfield code="a">Köln</subfield>
          </datafield>
          <datafield tag="613" ind1="-" ind2="1">
            <subfield code="a">Bundesanzeiger</subfield>
          </datafield>
          <datafield tag="619" ind1="a" ind2="1">
            <subfield code="a">2002</subfield>
          </datafield>
          <datafield tag="637" ind1="-" ind2="1">
            <subfield code="a">1 Mikrofiche : 48x</subfield>
          </datafield>
          <datafield tag="676" ind1="-" ind2="2">
            <subfield code="g">Köln</subfield>
            <subfield code="4">dbp</subfield>
            <subfield code="3">Vertriebsort</subfield>
            <subfield code="9">(DE-588)4031483-2</subfield>
          </datafield>
          <datafield tag="700" ind1="-" ind2="2">
            <subfield code="a">070</subfield>
            <subfield code="2">ZDB</subfield>
          </datafield>
          <datafield tag="700" ind1="-" ind2="2">
            <subfield code="a">340</subfield>
            <subfield code="2">ZDB</subfield>
          </datafield>
          <datafield tag="700" ind1="l" ind2="2">
            <subfield code="a">600</subfield>
          </datafield>
          <datafield tag="700" ind1="g" ind2="2">
            <subfield code="a">PL 476</subfield>
          </datafield>
          <datafield tag="772" ind1="-" ind2="2">
            <subfield code="i">Beil. zu:</subfield>
            <subfield code="a">Deutschland</subfield>
            <subfield code="t">Bundesanzeiger</subfield>
            <subfield code="d">Köln : Bundesanzeiger, 1990-2012</subfield>
            <subfield code="x">0344-7634</subfield>
            <subfield code="9">HT004031599</subfield>
          </datafield>
          <datafield tag="772" ind1="-" ind2="2">
            <subfield code="i">Hervorgeg. aus u. Beil. zu</subfield>
            <subfield code="a">Deutschland &lt;Bundesrepublik&gt;</subfield>
            <subfield code="t">Bundesanzeiger</subfield>
            <subfield code="d">Köln : Bundesanzeiger, 1949-1990</subfield>
            <subfield code="x">0344-7634</subfield>
            <subfield code="9">HT002186004</subfield>
          </datafield>
          <datafield tag="787" ind1="-" ind2="2">
            <subfield code="i">1955/58=11,54 Beil.; 1959=12,61 Beil.; 1976=1977,8; 1989=42,102a von</subfield>
            <subfield code="a">Deutschland &lt;Bundesrepublik&gt;</subfield>
            <subfield code="t">Bundesanzeiger / Beilage. [Beilage] / Bundesrepublik Deutschland</subfield>
            <subfield code="d">Köln : Bundesanzeiger, 1949-1990</subfield>
            <subfield code="x">0431-509x</subfield>
            <subfield code="9">HT002106628</subfield>
          </datafield>
          <datafield tag="787" ind1="-" ind2="2">
            <subfield code="i">1990=43,80a; 1994=47,116a; 1995=48,108a;1996=49,102a; 1997=50,112a; 1998=51,122a; 1999=52,125a; 2000=53,108a; 2001=54,92a; 2002=55,101a; 2003=56,109a; 2004=57,122a; 2005=58,119a  von</subfield>
            <subfield code="a">Deutschland</subfield>
            <subfield code="t">Bundesanzeiger / Beilage. [Beilage]</subfield>
            <subfield code="d">Köln : Bundesanzeiger, 1990-2012</subfield>
            <subfield code="x">0720-6100</subfield>
            <subfield code="9">HT005083009</subfield>
          </datafield>
          <datafield tag="902" ind1="-" ind2="2">
            <subfield code="k">Deutschland</subfield>
            <subfield code="b">Bundesverfassungsgericht</subfield>
            <subfield code="9">(DE-588)2117905-0</subfield>
          </datafield>
          <datafield tag="902" ind1="-" ind2="2">
            <subfield code="s">Rechtsprechung</subfield>
            <subfield code="9">(DE-588)4115710-2</subfield>
          </datafield>
          <datafield tag="904" ind1="a" ind2="2">
            <subfield code="a">ZDB</subfield>
          </datafield>
          <datafield tag="907" ind1="-" ind2="2">
            <subfield code="k">Deutschland</subfield>
            <subfield code="h">Bundesrepublik</subfield>
            <subfield code="b">Bundesverfassungsgericht</subfield>
            <subfield code="9">(DE-588)35194-5</subfield>
          </datafield>
          <datafield tag="907" ind1="-" ind2="2">
            <subfield code="s">Rechtsprechung</subfield>
            <subfield code="9">(DE-588)4115710-2</subfield>
          </datafield>
          <datafield tag="909" ind1="a" ind2="2">
            <subfield code="a">ZDB</subfield>
          </datafield>
          <datafield tag="912" ind1="-" ind2="2">
            <subfield code="k">Deutschland</subfield>
            <subfield code="b">Bundesverfassungsgericht</subfield>
            <subfield code="9">(DE-588)2117905-0</subfield>
          </datafield>
          <datafield tag="914" ind1="a" ind2="2">
            <subfield code="a">ZDB</subfield>
          </datafield>
          <controlfield tag="SYS">011856216</controlfield>
          <datafield tag="952" ind1="-" ind2="2">
            <subfield code="k">Deutschland</subfield>
            <subfield code="b">Bundesverfassungsgericht</subfield>
            <subfield code="b">Pressestelle</subfield>
          </datafield>
          <datafield tag="952" ind1="-" ind2="2">
            <subfield code="k">Deutschland</subfield>
            <subfield code="b">Bundesverfassungsgericht</subfield>
            <subfield code="b">Dezernat Kirchhof</subfield>
          </datafield>
          <datafield tag="952" ind1="-" ind2="2">
            <subfield code="k">Bundesverfassungsgericht</subfield>
            <subfield code="h">Deutschland</subfield>
          </datafield>
          <datafield tag="952" ind1="-" ind2="2">
            <subfield code="k">Deutschland</subfield>
            <subfield code="b">Constitutional Court</subfield>
          </datafield>
          <datafield tag="952" ind1="-" ind2="2">
            <subfield code="k">Deutschland</subfield>
            <subfield code="b">Cour constitutionnelle fédérale</subfield>
          </datafield>
          <datafield tag="952" ind1="-" ind2="2">
            <subfield code="k">Deutschland</subfield>
            <subfield code="b">Savezni ustavni sud</subfield>
          </datafield>
          <datafield tag="952" ind1="-" ind2="2">
            <subfield code="k">Federal Constitutional Court</subfield>
            <subfield code="h">Deutschland</subfield>
          </datafield>
          <datafield tag="952" ind1="-" ind2="2">
            <subfield code="k">Constitutional Court</subfield>
            <subfield code="h">Deutschland</subfield>
          </datafield>
          <datafield tag="952" ind1="-" ind2="2">
            <subfield code="k">Cour constitutionnelle fédérale</subfield>
            <subfield code="h">Deutschland</subfield>
          </datafield>
          <datafield tag="952" ind1="-" ind2="2">
            <subfield code="k">Savezni ustavni sud</subfield>
            <subfield code="h">Deutschland</subfield>
          </datafield>
          <datafield tag="952" ind1="-" ind2="2">
            <subfield code="k">Savezni ustavni sud Nemačke</subfield>
          </datafield>
          <datafield tag="952" ind1="-" ind2="2">
            <subfield code="k">De guo lian bang xian fa fa yuan</subfield>
          </datafield>
          <datafield tag="952" ind1="-" ind2="2">
            <subfield code="k">BVerfG</subfield>
          </datafield>
          <datafield tag="952" ind1="-" ind2="2">
            <subfield code="s">Judikatur</subfield>
          </datafield>
          <datafield tag="952" ind1="-" ind2="2">
            <subfield code="s">Spruchpraxis</subfield>
          </datafield>
          <datafield tag="957" ind1="-" ind2="2">
            <subfield code="k">Bundesverfassungsgericht</subfield>
            <subfield code="h">Deutschland, Bundesrepublik</subfield>
          </datafield>
          <datafield tag="957" ind1="-" ind2="2">
            <subfield code="k">BVerfG</subfield>
          </datafield>
          <datafield tag="957" ind1="-" ind2="2">
            <subfield code="k">Deutschland</subfield>
            <subfield code="h">Bundesrepublik</subfield>
            <subfield code="b">Bundesverfassungsgericht</subfield>
            <subfield code="b">Pressestelle</subfield>
          </datafield>
          <datafield tag="957" ind1="-" ind2="2">
            <subfield code="k">Pressestelle</subfield>
            <subfield code="h">Deutschland, Bundesrepublik, Bundesverfassungsgericht</subfield>
          </datafield>
          <datafield tag="957" ind1="-" ind2="2">
            <subfield code="s">Judikatur</subfield>
          </datafield>
          <datafield tag="957" ind1="-" ind2="2">
            <subfield code="s">Spruchpraxis</subfield>
          </datafield>
          <datafield tag="962" ind1="-" ind2="2">
            <subfield code="k">Deutschland</subfield>
            <subfield code="b">Bundesverfassungsgericht</subfield>
            <subfield code="b">Pressestelle</subfield>
          </datafield>
          <datafield tag="962" ind1="-" ind2="2">
            <subfield code="k">Deutschland</subfield>
            <subfield code="b">Bundesverfassungsgericht</subfield>
            <subfield code="b">Dezernat Kirchhof</subfield>
          </datafield>
          <datafield tag="962" ind1="-" ind2="2">
            <subfield code="k">Bundesverfassungsgericht</subfield>
            <subfield code="h">Deutschland</subfield>
          </datafield>
          <datafield tag="962" ind1="-" ind2="2">
            <subfield code="k">Deutschland</subfield>
            <subfield code="b">Constitutional Court</subfield>
          </datafield>
          <datafield tag="962" ind1="-" ind2="2">
            <subfield code="k">Deutschland</subfield>
            <subfield code="b">Cour constitutionnelle fédérale</subfield>
          </datafield>
          <datafield tag="962" ind1="-" ind2="2">
            <subfield code="k">Deutschland</subfield>
            <subfield code="b">Savezni ustavni sud</subfield>
          </datafield>
          <datafield tag="962" ind1="-" ind2="2">
            <subfield code="k">Federal Constitutional Court</subfield>
            <subfield code="h">Deutschland</subfield>
          </datafield>
          <datafield tag="962" ind1="-" ind2="2">
            <subfield code="k">Constitutional Court</subfield>
            <subfield code="h">Deutschland</subfield>
          </datafield>
          <datafield tag="962" ind1="-" ind2="2">
            <subfield code="k">Cour constitutionnelle fédérale</subfield>
            <subfield code="h">Deutschland</subfield>
          </datafield>
          <datafield tag="962" ind1="-" ind2="2">
            <subfield code="k">Savezni ustavni sud</subfield>
            <subfield code="h">Deutschland</subfield>
          </datafield>
          <datafield tag="962" ind1="-" ind2="2">
            <subfield code="k">Savezni ustavni sud Nemačke</subfield>
          </datafield>
          <datafield tag="962" ind1="-" ind2="2">
            <subfield code="k">De guo lian bang xian fa fa yuan</subfield>
          </datafield>
          <datafield tag="962" ind1="-" ind2="2">
            <subfield code="k">BVerfG</subfield>
          </datafield>
          <datafield tag="088" ind1=" " ind2=" ">
            <subfield code="a">465</subfield>
            <subfield code="b">D98</subfield>
            <subfield code="c">52B1_d</subfield>
            <subfield code="e">Zsn-Stücktitel, Präsenz</subfield>
          </datafield>
        </record>
      </metadata>
    </record>
  </ListRecords>
</OAI-PMH>
